<?xml version="1.0" encoding="UTF-8"?><record xmlns="http://www.loc.gov/MARC21/slim" xmlns:cinclude="http://apache.org/cocoon/include/1.0" xmlns:zs="http://www.loc.gov/zing/srw/">
  <leader>00612cz  a2200121n  4500</leader>
  <controlfield tag="001">n  88157914 </controlfield>
  <controlfield tag="003">DLC</controlfield>
  <controlfield tag="005">19890830131829.2</controlfield>
  <controlfield tag="008">890711n| acannaab|          |n ana |||  </controlfield>
  <datafield tag="010" ind1=" " ind2=" ">
    <subfield code="a">n  88157914 </subfield>
  </datafield>
  <datafield tag="040" ind1=" " ind2=" ">
    <subfield code="a">DLC</subfield>
    <subfield code="c">DLC</subfield>
    <subfield code="d">DLC</subfield>
  </datafield>
  <datafield tag="110" ind1="2" ind2="0">
    <subfield code="a">United Nations Industrial Development Organization.</subfield>
    <subfield code="b">Office of the Senior Industrial Development Field Adviser</subfield>
  </datafield>
  <datafield tag="670" ind1=" " ind2=" ">
    <subfield code="a">United Nations Industrial Development Organization. Report on UNIDO's implemented projects in the Pacific Region, 1984-1987, 1987:</subfield>
    <subfield code="b">t.p. (Office of the Senior Industrial Development Field Adviser; Suva, Fiji; United Nations Industrial Development Organization)</subfield>
  </datafield>
</record>